@INPROCEEDINGS{BigBIRD, 
	author		={Singh, A. and Sha, J. and Narayan, K.S. and Achim, T. and Abbeel, P.}, 
	booktitle	={Robotics and Automation (ICRA), 2014 IEEE International Conference on}, 
	title		={BigBIRD: A large-scale 3D database of object instances}, 
	year		={2014}, 
	month		={May}, 
	pages		={509-516}, 
	keywords	={calibration;cameras;control engineering computing;data handling;mobile robots;object recognition;robot vision;3D information;BigBIRD;computer vision;data collection system;image collection;large-scale 3D database;mobile robots;multicamera system;multisensor calibration;object category recognition;object instance recognition;perception-related problems;pose information;robotic tasks;sensing-based robots;shared image dataset;software components;Calibration;Cameras;Image color analysis;Robots;Sensor systems;Three-dimensional displays}, 
	doi			={10.1109/ICRA.2014.6906903},}
	
	
@INPROCEEDINGS{Mian2005, 
	author		={Mian, A.S. and Bennamoun, M. and Owens, R.A.}, 
	booktitle	={Application of Computer Vision, 2005. WACV/MOTIONS '05 Volume 1. Seventh IEEE Workshops on}, 
	title		={3D Recognition and Segmentation of Objects in Cluttered Scenes}, 
	year		={2005}, 
	month		={Jan}, 
	volume		={1}, 
	pages		={8-13}, 
	keywords	={image representation;image segmentation;object recognition;tensors;3D recognition;4D hash table;cluttered image;cluttered scenes;local surface patches;object segmentation;occluded range image;range image coordinates;seed point;tensor-based representation;viewpoint independent range image segmentation;voting scheme;Deformable models;Image edge detection;Image recognition;Image segmentation;Layout;Libraries;Manuals;Object recognition;Tensile stress;Voting}, 
	doi			={10.1109/ACVMOT.2005.2},}
	
	
@ARTICLE{Mian2006, 
	author		={Mian, A.S. and Bennamoun, M. and Owens, R.}, 
	journal		={Pattern Analysis and Machine Intelligence, IEEE Transactions on}, 
	title		={Three-Dimensional Model-Based Object Recognition and Segmentation in Cluttered Scenes}, 
	year		={2006}, 
	month		={Oct}, 
	volume		={28}, 
	number		={10}, 
	pages		={1584-1601}, 
	keywords	={hidden feature removal;image recognition;image registration;image representation;image segmentation;object recognition;cluttered scenes;free-form objects;hash table-based voting scheme;multidimensional table representations;object segmentation;occlusions;three-dimensional model-based object recognition;Casting;Image converters;Image recognition;Image segmentation;Layout;Libraries;Multidimensional systems;Object recognition;Tensile stress;Voting;3D object recognition;3D representation;Multiview correspondence;geometric hashing.;registration;segmentation;shape descriptor;Algorithms;Artificial Intelligence;Cluster Analysis;Image Enhancement;Image Interpretation, Computer-Assisted;Imaging, Three-Dimensional;Information Storage and Retrieval;Pattern Recognition, Automated}, 
	doi			={10.1109/TPAMI.2006.213}, 
	ISSN		={0162-8828},}
	
@article{Mian2010,
	author		={Mian, A. and Bennamoun, M. and Owens, R.},
	journal		={International Journal of Computer Vision},
	title		={On the Repeatability and Quality of Keypoints for Local Feature-based 3D Object Retrieval from Cluttered Scenes},
	year		={2010},
	issn		={0920-5691},
	volume		={89},
	number		={2-3},
	doi			={10.1007/s11263-009-0296-z},
	url			={http://dx.doi.org/10.1007/s11263-009-0296-z},
	publisher	={Springer US},
	keywords	={Keypoint detection; Keypoint quality and repeatability; Local features; 3D object retrieval},
	pages		={348-361},
	language	={English}
}

@article{Salti2014,
	author 		= "Samuele Salti and Federico Tombari and Luigi Di Stefano",
	title 		= "SHOT: Unique signatures of histograms for surface and texture description ",
	journal 	= "Computer Vision and Image Understanding ",
	volume 		= "125",
	number 		= "0",
	pages 		= "251 - 264",
	year 		= "2014",
	note 		= "",
	issn 		= "1077-3142",
	doi 		= "http://dx.doi.org/10.1016/j.cviu.2014.04.011",
	url 		= "http://www.sciencedirect.com/science/article/pii/S1077314214000988",
	keywords 	= {Surface matching; 3D descriptors; Object recognition; 3D reconstruction}
}

@inproceedings{Tombari2010,
	author 		= {Tombari, Federico and Salti, Samuele and Di Stefano, Luigi},
	title 		= {Unique Signatures of Histograms for Local Surface Description},
	booktitle 	= {Proceedings of the 11th European Conference on Computer Vision Conference on Computer Vision: Part III},
	series 		= {ECCV'10},
	year 		= {2010},
	isbn 		= {3-642-15557-X, 978-3-642-15557-4},
	location 	= {Heraklion, Crete, Greece},
	pages 		= {356--369},
	numpages 	= {14},
	url 		= {http://dl.acm.org/citation.cfm?id=1927006.1927035},
	acmid 		= {1927035},
	publisher 	= {Springer-Verlag},
	address 	= {Berlin, Heidelberg}
} 

@inproceedings{Aldoma2012,
	author 		= {Aldoma, Aitor and Tombari, Federico and Di Stefano, Luigi and Vincze, Markus},
	title 		= {A Global Hypotheses Verification Method for 3D Object Recognition},
	booktitle 	= {Proceedings of the 12th European Conference on Computer Vision - Volume Part III},
	series 		= {ECCV'12},
	year 		= {2012},
	isbn 		= {978-3-642-33711-6},
	location 	= {Florence, Italy},
	pages 		= {511--524},
	numpages 	= {14},
	url 		= {http://dx.doi.org/10.1007/978-3-642-33712-3_37},
	doi 		= {10.1007/978-3-642-33712-3_37},
	acmid 		= {2403112},
	publisher 	= {Springer-Verlag},
	address 	= {Berlin, Heidelberg}
} 

@article{Rodola2013,
	author		={Rodolà, Emanuele and Albarelli, Andrea and Bergamasco, Filippo and Torsello, Andrea},
	title		={A Scale Independent Selection Process for 3D Object Recognition in Cluttered Scenes},
	journal		={International Journal of Computer Vision},
	year		={2013},
	issn		={0920-5691},
	volume		={102},
	number		={1-3},
	doi			={10.1007/s11263-012-0568-x},
	url			={http://dx.doi.org/10.1007/s11263-012-0568-x},
	publisher	={Springer US},
	keywords	={Object recognition; Partial surface registration; Game theory; Object in clutter},
	pages		={129-145},
	language	={English}
}

@article{Taati2011,
	author = "Babak Taati and Michael Greenspan",
	title 		= "Local shape descriptor selection for object recognition in range data ",
	journal 	= "Computer Vision and Image Understanding ",
	volume 		= "115",
	number 		= "5",
	pages 		= "681 - 694",
	year 		= "2011",
	note 		= "Special issue on 3D Imaging and Modelling ",
	issn 		= "1077-3142",
	doi 		= "http://dx.doi.org/10.1016/j.cviu.2010.11.021",
	url 		= "http://www.sciencedirect.com/science/article/pii/S1077314210002614",
	keywords 	= {Local shape descriptor; Object recognition; Pose acquisition; Range data; 3-D registration; Point matching}
}

@INPROCEEDINGS{Taati2007, 
	author		={Taati, B. and Bondy, M. and Jasiobedzki, P. and Greenspan, M.}, 
	booktitle	={Computer Vision, 2007. ICCV 2007. IEEE 11th International Conference on}, 
	title		={Variable Dimensional Local Shape Descriptors for Object Recognition in Range Data}, 
	year		={2007}, 
	month		={Oct}, 
	pages		={1-8}, 
	keywords	={image matching;object recognition;Lidar;RANSAC iterations;dense stereo range data;model-based object recognition;point matching;pose determination;pose recovery;pose refinement;range data;robust point correspondence;variable dimensional local shape descriptors;Bonding;Clouds;Histograms;Iterative algorithms;Laser radar;Layout;Object recognition;Robustness;Shape;Solid modeling}, 
	doi			={10.1109/ICCV.2007.4408830}, 
	ISSN		={1550-5499}
}

@INPROCEEDINGS{Lai2012, 
	author		={Lai, K. and Liefeng Bo and Xiaofeng Ren and Fox, D.}, 
	booktitle	={Robotics and Automation (ICRA), 2012 IEEE International Conference on}, 
	title		={Detection-based object labeling in 3D scenes}, 
	year		={2012}, 
	month		={May}, 
	pages		={1330-1337}, 
	keywords	={Markov processes;image colour analysis;image reconstruction;object detection;probability;random processes;3D scene reconstruction;3D shape;Markov random field;RGB-D frame;RGB-D scenes dataset;RGB-D videos;class probabilities;color+depth videos;detection-based object labeling;object detection;sliding window detectors;view-based detection;voxel representation;Detectors;Feature extraction;Labeling;Object detection;Shape;Training;Videos}, 
	doi			={10.1109/ICRA.2012.6225316}, 
	ISSN		={1050-4729}
}

@inproceedings{Lai2014,
	author 		= {Lai, Kevin and Bo, Liefeng and Fox, Dieter},
	booktitle 	= {Robotics and Automation (ICRA), 2011 IEEE International Conference on},
	title 		= {Unsupervised Feature Learning for 3D Scene Labeling},
	year 		= {2014},
	month		={May}, 
	pages 		= {3050-3057},
	doi			= {10.1109/ICRA.2014.6907298},

}

@inproceedings{Lai2011,
	author 		= {Lai, Kevin and Bo, Liefeng and Ren, Xiaofeng and Fox, Dieter},
	booktitle 	= {Robotics and Automation (ICRA), 2011 IEEE International Conference on},
	title 		= {A large-scale hierarchical multi-view RGB-D object dataset.},
	year 		= {2011},
	month		= {May}, 
    pages 		= {1817-1824},
	url 		= {http://dblp.uni-trier.de/db/conf/icra/icra2011.html#LaiBRF11}
}

@online{ Willow,
   author = "Willow Garage / Technische Universität Wien",
   title = "The Willow Garage Object Recognition Challenge",
   year = "2015",
   url = "http://www.acin.tuwien.ac.at/forschung/v4r/mitarbeiterprojekte/willow/",
   note = "[Online; accessed 5-May-2015]"
 }


@inproceedings{Janoch2011,
  author = {Janoch, Allison and Karayev, Sergey and Jia, Yangqing and Barron, Jonathan T. and Fritz, Mario and Saenko, Kate and Darrell, Trevor},
  booktitle = {ICCV Workshop on Consumer Depth Cameras for Computer Vision},
  title = {A Category-Level 3-D Object Dataset: Putting the Kinect to Work}},
  year = {2011}
}

@article{Scharstein2002,
	author 		= {Scharstein, Daniel and Szeliski, Richard},
	title 		= {A Taxonomy and Evaluation of Dense Two-Frame Stereo Correspondence Algorithms},
	journal 	= {International Journal of Computer Vision},
	issue_date 	= {April-June 2002},
	volume 		= {47},
	number 		= {1-3},
	month 		= apr,
	year 		= {2002},
	issn 		= {0920-5691},
	pages 		= {7--42},
	numpages 	= {36},
	url 		= {http://dx.doi.org/10.1023/A:1014573219977},
	doi 		= {10.1023/A:1014573219977},
	acmid 		= {598475},
	publisher 	= {Kluwer Academic Publishers},
	address 	= {Hingham, MA, USA},
	keywords 	= {evaluation of performance, stereo correspondence software, stereo matching survey}
} 